<?xml version="1.0" encoding="UTF-8"?><collection xmlns="http://www.loc.gov/MARC21/slim"><record><leader>00621nam--2200193-u-4500</leader><controlfield tag="001">000051772</controlfield><controlfield tag="002">20161230</controlfield><controlfield tag="005">20161230201049</controlfield><controlfield tag="008">080929s1000------------r-----000-0-eng-d</controlfield><datafield ind1=" " ind2=" " tag="040"><subfield code="a">IFIN-HH</subfield></datafield><datafield ind1=" " ind2=" " tag="080"><subfield code="a">517.948</subfield></datafield><datafield ind1="1" ind2=" " tag="100"><subfield code="a">Schmeidler,Werner</subfield></datafield><datafield ind1="1" ind2="0" tag="245"><subfield code="a">Integralgleichungen mit anwendungen in physik und technik. I. Lineare Integralgleichungen</subfield></datafield><datafield ind1=" " ind2=" " tag="260"><subfield code="a">Leipzig</subfield><subfield code="b">Akademische verlagsgesellschaft gest &amp; portig K.-G</subfield><subfield code="c">1955</subfield></datafield><datafield ind1=" " ind2=" " tag="300"><subfield code="a">611 p</subfield></datafield><datafield ind1=" " ind2=" " tag="490"><subfield code="a">Mathematik und ihre anwendungen in physik und technik</subfield><subfield code="v">Band 22</subfield></datafield><datafield ind1="1" ind2=" " tag="700"><subfield code="a">Werner Schemidler</subfield></datafield><datafield ind1=" " ind2=" " tag="852"><subfield code="a">11843</subfield><subfield code="c">517.9</subfield></datafield><datafield ind1=" " ind2=" " tag="CAT"><subfield code="a">Sys</subfield><subfield code="c">20080929</subfield><subfield code="h">094154</subfield></datafield></record></collection>